@article{Einstein:1915ca,
    author = "Einstein, Albert",
    title = "{The Field Equations of Gravitation}",
    journal = "Sitzungsber. Preuss. Akad. Wiss. Berlin (Math. Phys. )",
    volume = "1915",
    pages = "844--847",
    year = "1915"
}

@article{Einstein:1915by,
    author = "Einstein, Albert",
    title = {{Zur Allgemeinen Relativit\"atstheorie}},
    journal = "Sitzungsber. Preuss. Akad. Wiss. Berlin (Math. Phys. )",
    volume = "1915",
    pages = "778--786",
    year = "1915",
    note = "[Addendum: Sitzungsber.Preuss.Akad.Wiss.Berlin (Math.Phys.) 1915, 799--801 (1915)]"
}